@book{latex,
  title = {LaTeX : A Documentation Preparation System User's Guide and Reference Manual},
  publisher = {Addison-Wesley Professional},
  year = {1994},
  author = {Leslie Lamport}
}

@online{SREQ,
author = {{Unity Technologies}},
title = {SYSTEM REQUIREMENTS FOR UNITY},
year = {2016},
url = {https://unity3d.com/unity/system-requirements},
language = {English},
organization = {Unity Technologies}
}

@online{U3DC1,
author = {runevision},
title = {Why doesn't Layout Element have Max values?},
year = {2014-2016},
url = {http://forum.unity3d.com/threads/why-doesnt-layout-element-have-max-values.274221/#post-1816127},
language = {English},
organization = {Unity Technologies},
urldate = {2016-08-01},
}

@Proceedings{ELEARN,
title = {E-Learning and Games for Training, Education, Health and Sports - 7th International Conference, Edutainment 2012 and 3rd International Conference, GameDays 2012, Darmstadt, Germany, September 18-20, 2012},
year = {2012},
OPTkey = {•},
editor = {Stefan Göbel and Wolfgang Müller and Bodo Urban and Josef Wiemeyer},
volume = {7},
OPTnumber = {•},
OPTseries = {•},
OPTaddress = {•},
OPTmonth = {•},
OPTorganization = {•},
publisher = {Springer-Verlag},
OPTnote = {•},
OPTannote = {•}
}

@InProceedings{ELEARN1,
author = {Danu Pranantha and Francesco Bellotti and Ricardo Berta and Alessandro De Gloria},
title = {Puzzle-it: An HTML5 Serious Games Platform for Education},
booktitle = {E-Learning and Games for Training, Education, Health and Sports},
OPTcrossref = {•},
OPTkey = {•},
OPTpages = {•},
year = {2012},
editor = {Stefan Göbel and Wolfgang Müller and Bodo Urban and Josef Wiemeyer},
volume = {7},
OPTnumber = {•},
OPTseries = {•},
OPTaddress = {•},
OPTmonth = {•},
OPTorganization = {•},
publisher = {Springer-Verlag},
OPTnote = {•},
OPTannote = {•}
}

@Proceedings{ISTORY,
title = {Interactive Storytelling - 7th International Conference on Interactive Digital Storytelling, ICIDS 2014, Singapore, Singapore, November 3-6, 2014},
year = {2014},
OPTkey = {•},
editor = {Alex Mitchell and Clara Fernández-Vara and David Thue},
volume = {7},
OPTnumber = {•},
OPTseries = {•},
OPTaddress = {•},
OPTmonth = {•},
OPTorganization = {•},
publisher = {Springer-Verlag},
OPTnote = {•},
OPTannote = {•}
}

@InProceedings{ISTORY1,
author = {Hartmut Koenitz},
title = {Five Theses for Interactive Digital Narrative},
booktitle = {Interactive Storytelling},
OPTcrossref = {•},
OPTkey = {•},
OPTpages = {•},
year = {2014},
editor = {Alex Mitchell and Clara Fernández-Vara and David Thue},
volume = {7},
OPTnumber = {•},
OPTseries = {•},
OPTaddress = {•},
OPTmonth = {•},
OPTorganization = {•},
publisher = {Springer-Verlag},
OPTnote = {•},
OPTannote = {•}
}

@Proceedings{DUXU,
title = {Design, User Experience, and Usability - Design Discourse - 4th International Conference, DUXU 2015, Held as Part of HCI International 2015, Los Angeles, CA, USA, August 2-7, 2015, Proceedings, Part I},
year = {2015},
OPTkey = {•},
editor = {Aaron Marcus},
volume = {18},
OPTnumber = {•},
OPTseries = {•},
OPTaddress = {•},
OPTmonth = {•},
OPTorganization = {•},
publisher = {Springer-Verlag},
OPTnote = {•},
OPTannote = {•}
}

@InProceedings{DUXU1,
author = {Cristian Rusu and Virginica Rusu and Silvana Roncagliolo and Juan Apablaza and Virginia Zaraza Rusu},
title = {User Experience Evaluations: Challenges for Newcomers},
booktitle = {Design, User Experience, and Usability - Design Discourse},
OPTcrossref = {•},
OPTkey = {•},
OPTpages = {•},
year = {2015},
editor = {Aaron Marcus},
volume = {18},
OPTnumber = {•},
OPTseries = {•},
OPTaddress = {•},
OPTmonth = {•},
OPTorganization = {•},
publisher = {Springer-Verlag},
OPTnote = {•},
OPTannote = {•}
}

@Book{DMMThink,
author = {Steve Krug},
ALTeditor = {•},
title = {Don't make me think, revisited - a common sense approach to web [and mobile] usability},
publisher = {New Riders Publ.},
year = {2014},
OPTkey = {•},
OPTvolume = {•},
OPTnumber = {•},
OPTseries = {•},
OPTaddress = {•},
edition = {3},
OPTmonth = {•},
OPTnote = {•},
OPTannote = {•}
}

@TechReport{UISO,
author = {ISO},
title = {ISO 9241-210: Ergonomics of human system interaction — Part 210: Human-centred design for interactive systems},
institution = {ISO},
year = {2010},
OPTkey = {•},
OPTtype = {•},
OPTnumber = {•},
address = {Geneva},
OPTmonth = {•},
OPTnote = {•},
OPTannote = {•}
}

@online{NNG,
author = {Jakob Nielsen},
title = {10 Usability Heuristics for User Interface Design},
year = {2005},
url = {https://www.nngroup.com/articles/ten-usability-heuristics/},
OPTsubtitle = {•},
OPTtitleaddon = {•},
language = {English},
OPTversion = {•},
OPTnote = {•},
organization = {Nielsen Norman Group},
OPTdate = {•},
OPTmonth = {•},
OPTaddendum = {•},
OPTpubstate = {•},
urldate = {2016-08-08},
}

@thesis{LUDUS,
author = {Moritz Becher},
title = {Serious Game zur römischen Antike},
type = {Bachelor's Thesis},
institution = {TUM},
year = {2016},
subtitle = {Ludus},
OPTtitleaddon = {•},
language = {German},
OPTnote = {•},
OPTlocation = {•},
OPTmonth = {•},
OPTisbn = {•},
OPTchapter = {•},
OPTpages = {•},
OPTpagetotal = {•},
OPTaddendum = {•},
OPTpubstate = {•},
OPTdoi = {•},
OPTeprint = {•},
OPTeprintclass = {•},
OPTeprinttype = {•},
OPTurl = {•},
OPTurldate = {•},
}

@Misc{LIFE,
OPTkey = {•},
author = {{3 Minute Games, LLC}},
title = {Lifeline},
howpublished = {Video game},
OPTmonth = {•},
year = {2015},
OPTnote = {•},
OPTannote = {•}
}

@online{LIFEiOS,
author = {3 Minute Games, LLC with Apple Inc.},
title = {Lifeline...},
year = {2016},
url = {https://itunes.apple.com//app/lifeline.../id982354972?mt=8},
OPTsubtitle = {•},
OPTtitleaddon = {•},
OPTlanguage = {•},
OPTversion = {•},
OPTnote = {•},
OPTorganization = {•},
OPTdate = {•},
OPTmonth = {•},
OPTaddendum = {•},
OPTpubstate = {•},
urldate = {2016-08-09},
}


@online{SNEXUS,
author = {{Failbetter Games}},
title = {Storynexus},
year = {2010-2016},
url = {storynexus.com},
OPTsubtitle = {•},
OPTtitleaddon = {•},
OPTlanguage = {•},
OPTversion = {•},
OPTnote = {•},
OPTorganization = {•},
OPTdate = {•},
OPTmonth = {•},
OPTaddendum = {•},
OPTpubstate = {•},
urldate = {2016-06-16},
}

@online{SNEXTTF,
author = {Firky},
title = {Storynexus.com},
year = {2016},
url = {http://checkers.storynexus.com/},
OPTsubtitle = {The Thirst Frontier},
OPTtitleaddon = {•},
OPTlanguage = {•},
OPTversion = {•},
OPTnote = {•},
OPTorganization = {•},
OPTdate = {•},
OPTmonth = {•},
OPTaddendum = {•},
OPTpubstate = {•},
urldate = {2016-06-14},
}

@online{QUEST,
author = {textadventures.co.uk},
title = {Quest},
year = {2016},
url = {http://textadventures.co.uk/quest},
OPTsubtitle = {•},
OPTtitleaddon = {•},
OPTlanguage = {•},
OPTversion = {•},
OPTnote = {•},
OPTorganization = {•},
OPTdate = {•},
OPTmonth = {•},
OPTaddendum = {•},
OPTpubstate = {•},
urldate = {2016-08-04},
}

@online{SQUIFFY,
author = {textadventures.co.uk},
title = {Squiffy},
year = {2016},
url = {http://textadventures.co.uk/squiffy},
OPTsubtitle = {•},
OPTtitleaddon = {•},
OPTlanguage = {•},
OPTversion = {•},
OPTnote = {•},
OPTorganization = {•},
OPTdate = {•},
OPTmonth = {•},
OPTaddendum = {•},
OPTpubstate = {•},
urldate = {2016-07-18},
}

@online{INFORM,
author = {Graham Nelson},
title = {Inform},
year = {1993-2016},
url = {http://inform7.com/},
subtitle = {Inform 7},
OPTtitleaddon = {•},
OPTlanguage = {•},
OPTversion = {•},
OPTnote = {•},
OPTorganization = {•},
OPTdate = {•},
OPTmonth = {•},
OPTaddendum = {•},
OPTpubstate = {•},
urldate = {2016-07-27},
}

@online{ADRIFT,
author = {Campbell Wild},
title = {ADRIFT},
year = {2013},
url = {http://www.adrift.co/},
subtitle = {Adventure Development and Runner - Interactive Fiction Toolkit},
OPTtitleaddon = {•},
OPTlanguage = {•},
OPTversion = {•},
OPTnote = {•},
OPTorganization = {•},
OPTdate = {•},
OPTmonth = {•},
OPTaddendum = {•},
OPTpubstate = {•},
urldate = {2016-08-08},
}

@online{WIBBLE,
author = {orta},
title = {WibbleQuest},
year = {2012},
url = {http://orta.io/WibbleQuest/},
OPTsubtitle = {A iOS Text Adventure Game Framework},
OPTtitleaddon = {•},
OPTlanguage = {•},
OPTversion = {•},
OPTnote = {•},
OPTorganization = {•},
OPTdate = {•},
OPTmonth = {•},
OPTaddendum = {•},
OPTpubstate = {•},
urldate = {2016-06-12},
}

@online{UNITY,
author = {{Unity Technologies}},
title = {Unity},
year = {2005-2016},
url = {https://unity3d.com/},
OPTsubtitle = {•},
OPTtitleaddon = {•},
OPTlanguage = {•},
OPTversion = {•},
OPTnote = {•},
OPTorganization = {•},
OPTdate = {•},
OPTmonth = {•},
OPTaddendum = {•},
OPTpubstate = {•},
urldate = {2016-08-08},
}
